@misc{LAMMPS_web,
title = {{LAMMPS Molecular Dynamics Simulator}},
howpublished={URL: \url{lammps.sandia.gov}},
note={Accessed \today}
}

@misc{code,
title={{Pyerls - Python modelling of dislocations using the Peierls analysis}},
author={Robert Peter Thompson},
howpublished={Archived November 2017 on Zenodo.org. DOI:~\href{http://dx.doi.org/10.5281/zenodo.1065538}{\tt 10.5281/zenodo.1065538}, current version on Github.com URL:~\url{https://github.com/rpt26/pyerls}}
}

@article{murray1990co,
  title={Co-Ti (Cobalt-Titanium)},
  author={Murray, JL},
  journal={Binary Alloy Phase Diagrams},
  volume={2},
  pages={1250--1252},
  year={1990},
  publisher={ASM International Ohio}
}

@misc{asm,
title={ASM Alloy Phase Diagram Database},
howpublished={URL: \url{http://mio.asminternational.org/apd/}},
note={Accessed \today}
}


@misc{SciPy2001,
author={Jones, Eric and Oliphant, Travis and Peterson, Pearu and Others},
title={{{SciPy}: Open source scientific tools for {Python}}},
year={(2001--)},
howpublished={URL: \url{www.scipy.org/}},
note={Accessed \today},
}

@misc{ICSD,
howpublished={URL: \url{icsd.cds.rsc.org}},
title={Inorganic Crystal Structure Database -- ICSD},
note={Accessed \today}
}


@misc{ATOM_manual,
author = {Garc\'{i}a, Alberto},
booktitle = {ATOM User Manual},
number = {4.2.0},
title = {{ATOM User Manual}},
howpublished = {URL: \url{https://departments.icmab.es/leem/siesta/Pseudopotentials/Code/downloads.html}},
note={Accessed \today},
year = {2017}
}

@misc{SIESTA_manual,
author = {Artacho, Emilio and Cela, Jos\'{e} Mar\'{i}a and Gale, Julian D and Garc\'{i}a, Alberto and Junquera, Javier and Martin, Richard M and Ordej\'{o}n, Pablo and Daniel, S\'{a}nche\-Portal and Soler, Jos\'{e} M.},
howpublished = {URL: \url{https://departments.icmab.es/leem/siesta/Documentation/}},
file = {:home/rob/drive/Research/Mendeley_library/Artacho et al._2016_SIESTA 4.0 -- User's Guide.pdf:pdf},
title = {{SIESTA 4.0 -- User's Guide}},
url = {https://departments.icmab.es/leem/siesta/Documentation/},
year = {2016},
note = {Accessed \today}
}
