% Bibliography file put together by Rob Thompson for his Thesis

@article{Cottrell1997,
author = {Alan Cottrell},
title = {Surprises in materials science},
journal = {Interdisciplinary Science Reviews},
volume = {22},
number = {4},
pages = {318-324},
year = {1997},
doi = {10.1179/isr.1997.22.4.318},
URL = {http://dx.doi.org/10.1179/isr.1997.22.4.318},
eprint = {http://dx.doi.org/10.1179/isr.1997.22.4.318}}

@book{gordon1991new,
  title={The New Science of Strong Materials: Or Why You Don't Fall Through the Floor},
  author={Gordon, J.E.},
  isbn={9780140135978},
  lccn={83043103},
  series={Pelican books},
  url={https://books.google.co.uk/books?id=\_MVe75N3T0YC},
  year={1991},
  publisher={Penguin Adult}}
  
@article{orowan1934i,
  title={Zur kristallplastizit{\"a}t. i},
  author={Orowan, Egon},
  journal={Zeitschrift f{\"u}r Physik A Hadrons and Nuclei},
  volume={89},
  number={9},
  pages={605--613},
  year={1934},
  publisher={Springer}
}

@article{orowan1934ii,
  title={Zur kristallplastizit{\"a}t. ii},
  author={Orowan, E},
  journal={Zeitschrift f{\"u}r Physik},
  volume={89},
  number={9-10},
  pages={614--633},
  year={1934},
  publisher={Springer}
}

@article{orowan1934iii,
  title={Zur kristallplastizit{\"a}t. iii},
  author={Orowan, E},
  journal={Zeitschrift f{\"u}r Physik A Hadrons and Nuclei},
  volume={89},
  number={9},
  pages={634--659},
  year={1934},
  publisher={Springer}
}

@article{taylor1934mechanism,
  title={The mechanism of plastic deformation of crystals. Part I. Theoretical},
  author={Taylor, Geoffrey Ingram},
  journal={Proceedings of the Royal Society of London. Series A, Containing Papers of a Mathematical and Physical Character},
  volume={145},
  number={855},
  pages={362--387},
  year={1934},
  publisher={JSTOR}
}


@article{polanyi1934art,
  title={{\"U}ber eine Art Gitterst{\"o}rung, die einen Kristall plastisch machen k{\"o}nnte},
  author={Polanyi, Michael},
  journal={Zeitschrift f{\"u}r Physik A Hadrons and Nuclei},
  volume={89},
  number={9},
  pages={660--664},
  year={1934},
  publisher={Springer}
}

